 
@INPROCEEDINGS{Corrin2009,
  author = {Corrin, E.},
  title = {{The EUDET High Resolution Beam Telescope - The Final Digital Readout}},
  booktitle = {2009 IEEE Nuclear Science Symposium Conference Record (NSS/MIC)},
  year = {2009},
  pages = {816--819},
  month = oct,
  publisher = {IEEE},
  doi = {10.1109/NSSMIC.2009.5402354},
  howpublished	= {\url{http://ieeexplore.ieee.org/lpdocs/epic03/wrapper.htm?arnumber=5402354}}
}

@INPROCEEDINGS{ref:tipp2014_eudaq,
  author = {H. Perrey},
  title = {{EUDAQ} and {EUT}elescope -- Software Frameworks for Testbeam Data Acquisition and Analysis},
  booktitle = {Technology and Instrumentation in Particle Physics},
  year = {2014},
  publisher = {PoS(TIPP2014)353}
}

@techreport{EUDET-2008-48,
  author = {Bulgheroni, A. and others},
  title = {{EUTelescope, the JRA1 Tracking and Reconstruction Software: A Status
	Report (Milestone)}},
  journal = {EUDET-Memo-2008-48},
  year = {2008},
  howpublished	= {\url{http://www.eudet.org/e26/e28/e615/e835/eudet-memo-2008-48.pdf}},
  note = {Accessed: 21.04.2015}
}

@techreport{EUDET-2007-11,
  author = {T. Behnke and others},
  title = {{Test Beams at DESY}},
  journal = {EUDET-Memo-2007-11},
  year = {2007},
  howpublished	= {\url{http://www.eudet.org/e26/e28/e182/e283/eudet-memo-2007-11.pdf}},
  note = {Accessed: 21.04.2015}
}

@techreport{EUDET-2007-20,
 author = {Bulgheroni, A. and others},
 title = {{EUTelescope: Tracking Software}},
 journal = {EUDET-Memo-2007-20},
 year = {2007},
 howpublished	= {\url{http://www.eudet.org/e26/e28/e182/e425/eudet-memo-2007-20.pdf}},
 note = {Accessed: 21.04.2015}
}

@ARTICLE{Kleinwort-2012,
   author = {{Kleinwort}, C.},
    title = "{General broken lines as advanced track fitting method}",
  journal = {Nucl. Instr. Meth. Phys. Res. A},
archivePrefix = "arXiv",
   eprint = {1201.4320},
 primaryClass = "physics.ins-det",
     year = 2012,
    month = may,
   volume = 673,
    pages = {107-110},
      doi = {10.1016/j.nima.2012.01.024},
      url = {10.1016/j.nima.2012.01.024}
}

@article{Blobel-2006,
title = "Software alignment for tracking detectors ",
journal = "",
volume = "566",
number = "1",
pages = "5 - 13",
year = "2006",
note = "Proceedings of the 1st Workshop on Tracking in High Multiplicity Environments",
issn = "0168-9002",
doi = "http://dx.doi.org/10.1016/j.nima.2006.05.157",
howpublished	= {\url{http://www.sciencedirect.com/science/article/pii/S0168900206007984}},
author = "V. Blobel"
}

@article{PhysRevD.86.010001,
  title = {{Review of Particle Physics}},
  author = {Behringer et al. (Particle Data Group), J.},
  journal = {Phys. Rev. D},
  volume = {86},
  issue = {1},
  pages = {010001},
  numpages = {1528},
  year = {2012},
  month = {Jul},
  publisher = {American Physical Society},
  doi = {10.1103/PhysRevD.86.010001},
  howpublished	= {\url{http://link.aps.org/doi/10.1103/PhysRevD.86.010001}}
}


@phdthesis{ref:thomas,
  author	= {Eichhorn, T.}, 
  title		= {{D}evelopment of {S}ilicon {D}etectors for the {H}igh {L}uminosity {LHC}},
  school	= {Universit\"at Hamburg},
  year		= 2015,
  address	= {Hamburg},
  type		= "{PhD} thesis",
  note = {{DESY-THESIS-2015-024}}
}

@phdthesis{ref:joerg,
  author	= {Behr, J.}, 
  title		= {{Jets at High $Q^2$ at HERA and Test Beam Measurements with EUDET Pixel Telescope}},
  school	= {Universit\"at Hamburg},
  year		= 2010,
  address	= {Hamburg},
  type		= "{PhD} thesis",
  note = {{DESY-THESIS-2010-038}}
}

@misc{ref:eutelwebsite,
  author	= {{EUTelescope Software Developers}},
  title		= {{EUTelescope} {W}ebsite},
  howpublished	= {\url{http://eutelescope.desy.de}},
  note		= {Accessed: 21.04.2015},
}

@misc{ref:eudaqwebsite,
  author        = {{EUDAQ Software Developers}},
  title         = {{EUDAQ} {W}ebsite},
  howpublished  = {\url{http://eudaq.github.io}},
  note          = {Accessed: 21.04.2015}
}

@techreport{ref:daffitter,
  author	= {Gjersdal, H. and Strandlie, A. and R{\o}hne, O.},
  title		= {Straight line track reconstruction for the {ATLAS IBL} testbeam with the {EUDET} telescope},
  number	= {ATL-INDET-PUB-2014-003},
  year		= {2014},
  institution	= {CERN},
  address	= {Geneva},
}

@techreport{ref:eudetreport200902,
  author	= {Bulgheroni, A.},
  title		= {Results from the {EUDET} telescope with high resolution planes},
  number	= {EUDET-Report-2009-02},
  year		= {2009},  
  howpublished	= {\url{https://www.eudet.org/e26/e27/e50990/eudet-report-09-02.pdf}},
  note = {Accessed: 21.04.2015}
}

@article{ref:scatteringhighland,
  author	= {V. Highland},
  title		= {Some practical remarks on multiple scattering},
  journal	= {Nucl. Instrum. Methods Phys. Rev. A},
  volume 	= {129},
  number 	= {2},
  pages 	= {497-499},
  year 		= {1975},
  doi 		= {10.1016/0029-554X(75)90743-0}
}

@article{ref:PDG-2014,
  author	= {K. Olive and others},
  collaboration	= {Particle Data Group},
  title		= {Review of {P}article {P}hysics},
  journal	= {Chin. Phys. C},
  volume	= {38},
  pages		= {090001},
  year		= {2014},
  doi		= {10.1088/1674-1137/38/9/090001}
}

@article{ref:pdg2016,
      author         = "Patrignani, C. and others",
      title          = "{Review of Particle Physics}",
      collaboration  = "Particle Data Group",
      journal        = "Chin. Phys.",
      volume         = "C40",
      year           = "2016",
      number         = "10",
      pages          = "100001",
      doi            = "10.1088/1674-1137/40/10/100001",
      SLACcitation   = "%%CITATION = CHPHD,C40,100001;%%"
}

@inproceedings{ref:X0,
  author	= {Dreyling-Eschweiler, Jan and Jansen, Hendrik and Sch\"utze, Paul and Spannagel, Simon},
  title		= {Scattering {S}tudies with the {DATURA} {B}eam {T}elescope},
  booktitle	= {These proceedings},
  pages		= {},
  year		= {2017},
  organization	= {TIPP},
  doi		= {},
}

@article{ref:x0values,
  author	= {Tsai, Y.-S.},
  title		= {Pair production and bremsstrahlung of charged leptons},
  journal	= {Rev. Mod. Phys.},
  volume	= {46},
  issue		= {4},
  pages		= {815--851},
  year		= {1974},
  doi		= {10.1103/RevModPhys.46.815},
}

@techreport{ref:eudetmemo_2009_12,
  author	= {S.J. Aplin and J. Engels and F. Gaede},
  title		= {A production system for massive data processing in {ILCSoft}},
  number	= {EUDET-Memo-2009-12},
  year		= {2009},
  Howpublished={\url{https://www.eudet.org/e26/e28/e42441/e70141/EUDET-MEMO-2009-12.pdf}},
  note = {Accessed: 21.04.2015}
}

@techreport{ref:j.behrmeasurements,
  author	= {Behr, J.},
  title		= {Test {B}eam {M}easurements with the {EUDET} {P}ixel {T}elescope},
  number	= {EUDET-Report-2010-01},
  year		= {2010},
  Howpublished={\url{https://www.eudet.org/e26/e27/e107291/eudet-report-2010-01.pdf}},
  note = {Accessed: 21.04.2015}
}

@inproceedings{ref:mimosa26,
  author	= {Baudot, J. and others},
  title		= {First test results of {MIMOSA-26}, a fast {CMOS} sensor with integrated zero suppression and digitized output},
  booktitle	= {Nuclear Science Symposium Conference Record 2009},
  pages		= {1169-1173},
  year		= {2009},
  organization	= {IEEE},
  doi		= {10.1109/NSSMIC.2009.5402399},
}

@ARTICLE{CLIC,
   author = {{Linssen}, L. and {Miyamoto}, A. and {Stanitzki}, M. and {Weerts}, H.
	},
    title = "{Physics and Detectors at CLIC: CLIC Conceptual Design Report}",
  journal = {ArXiv e-prints},
archivePrefix = "arXiv",
   eprint = {1202.5940},
 primaryClass = "physics.ins-det",
 keywords = {Physics - Instrumentation and Detectors},
     year = 2012,
    month = feb
}

@article{ILC,
      author         = {Behnke, Ties and Brau, James E. and Burrows, Philip N.
                        and Fuster, Juan and Peskin, Michael and others},
      editor         = {Behnke, Ties},
      title          = {{The International Linear Collider Technical Design
                        Report - Volume 4: Detectors}},
      year           = {2013},
      eprint         = {1306.6329},
      archivePrefix  = {arXiv},
      primaryClass   = {physics.ins-det},
      reportNumber   = {ILC-REPORT-2013-040, ANL-HEP-TR-13-20,
                        BNL-100603-2013-IR, IRFU-13-59, CERN-ATS-2013-037,
                        COCKCROFT-13-10, CLNS-13-2085, DESY-13-062,
                        FERMILAB-TM-2554, IHEP-AC-ILC-2013-001, INFN-13-04-LNF,
                        JAI-2013-001, JINR-E9-2013-35, JLAB-R-2013-01,
                        KEK-REPORT-2013-1, KNU-CHEP-ILC-2013-1, LLNL-TR-635539,
                        SLAC-R-1004, ILC-HIGRADE-REPORT-2013-003}
}

@article{Nurnberg:2014aya,
      author         = {N\"urnberg, Andreas},
      title          = "{Studies on Irradiated Silicon Sensors for the CMS
                        Tracker at the HL-LHC}",
      reportNumber   = "IEKP-KA/2014-04",
      SLACcitation   = "%%CITATION = IEKP-KA/2014-04 ETC.;%%",
}

@article{Garcia-Argos:2015zda,
      author         = "Garc√≠a-Argos, Carlos",
      title          = "{A Silicon Strip Detector for the Phase II High
                        Luminosity Upgrade of the ATLAS Detector at the Large
                        Hadron Collider}",
      year           = "2015",
      eprint         = "1501.02903",
      archivePrefix  = "arXiv",
      primaryClass   = "physics.ins-det",
      reportNumber   = "CERN-THESIS-2014-217",
      SLACcitation   = "%%CITATION = ARXIV:1501.02903;%%",
}

@article{CMSHL,
      key            = "1244669",
      title          = "{Projected Performance of an Upgraded CMS Detector at the
                        LHC and HL-LHC: Contribution to the Snowmass Process}",
      collaboration  = "CMS",
      year           = "2013",
      eprint         = "1307.7135",
      archivePrefix  = "arXiv",
      reportNumber   = "CMS-NOTE-13-002",
      SLACcitation   = "%%CITATION = ARXIV:1307.7135;%%",
}

@techreport{ATLASHL,
  title={Projections for measurements of Higgs boson cross sections, branching ratios and coupling parameters with the ATLAS detector at a HL-LHC},
  author={ATLAS collaboration and others},
  year={2013},
  institution={ATL-PHYS-PUB-2013-014}
}

@article{HuGuo2010480,
title = "First reticule size {MAPS} with digital output and integrated zero suppression for the {EUDET-JRA1} beam telescope ",
journal = "Nucl. Instrum. Methods Phys. Rev. A",
volume = "623",
number = "1",
pages = "480 - 482",
year = "2010",
note = "1st International Conference on Technology and Instrumentation in Particle Physics ",
issn = "0168-9002",
doi = "http://dx.doi.org/10.1016/j.nima.2010.03.043",
COMMMENTurl	=  {http://www.sciencedirect.com/science/article/pii/S0168900210006078},
url	=  {10.1016/j.nima.2010.03.043},
author = "C. Hu-Guo and others"
}

@misc{webtool,
  title = {{Telescope resolution calculator}},
  author = {S. Kulis and D. Dannheim},
  Howpublished={\url{http://skulis.web.cern.ch/skulis/telescope/}},
  note = {Accessed: 21.04.2015}
}

@misc{gbltool,
  title = {{GBL Track Resolution Calculator}},
  author = {Spannagel, Simon and Jansen, Hendrik},
  url = {https://github.com/simonspa/resolution-simulator},
  note = {Accessed: 03.03.2016}
}

@misc{SLAC,
  title = {{ESTB web page}},
  author = {Carsten Hast},
  note = {Accessed: 21.04.2015},
  Howpublished={\url{http://estb.slac.stanford.edu/}},
}

@misc{SPS,
  title = {{SPS web page}},
  author = {{The SPS beamline coordinators}},
  Howpublished={\url{http://sba.web.cern.ch/sba/}},
  note = {Accessed: 21.04.2015}
}

@article{Ballabriga2011S15,
title = {{Medipix3: A 64\,k pixel detector readout chip working in single photon counting mode with improved spectrometric performance}},
journal = "Nucl. Instrum. Methods Phys. Rev. A ",
volume = "633, Supplement 1",
number = "0",
pages = "S15 - S18",
year = "2011",
note = "11th International Workshop on Radiation Imaging Detectors (IWORID) ",
issn = "0168-9002",
doi = "http://dx.doi.org/10.1016/j.nima.2010.06.108",
howpublished	= {\url{http://www.sciencedirect.com/science/article/pii/S0168900210012982}},
author = "R. Ballabriga and M. Campbell and E. Heijne and X. Llopart and L. Tlustos and W. Wong",
}

@article{1748-0221-7-08-C08002,
  author={I. Peric},
  title={{Active pixel sensors in high-voltage CMOS technologies for ATLAS}},
  journal={J. Inst.},
  volume={7},
  number={08},
  pages={C08002},
  howpublished	= {\url{http://stacks.iop.org/1748-0221/7/i=08/a=C08002}},
  year={2012}
}

@article{ref:lutzpaper,
  title		= {Optimum track fitting in the presence of multiple scattering},
  journal 	= {Nucl. Instr. Meth. Phys. Res. A},
  volume 	= {273},
  number 	= {1},
  pages 	= {349--361},
  year		= {1988},
  doi 		= {10.1016/0168-9002(88)90836-4},
  author 	= {G. Lutz}
}

@techreport{ref:eudetreport_2007_11,
  author	= {F. Gaede and J. Engels},
  title		= {{Marlin et al -- A Software Framework for {ILC} detector R\&D}},
  number	= {EUDET-Report-2007-11},
  year		= {2007},
  Howpublished={\url{https://www.eudet.org/e26/e27/e584/eudet-report-2007-11.pdf}},
  note = {Accessed: 21.04.2015}
}

@techreport{ref:eudetmemo_2007_01,
  author	= {A. {\.Z}arnecki and P. Nie{\.z}urawski},
  title		= {{EUDET} {T}elescope {G}eometry and {R}esolution {S}tudies},
  number	= {EUDET-Report-2007-01},
  year		= {2007},
  Howpublished={\url{https://www.eudet.org/e26/e27/e295/eudet-report-2007-01.pdf}},
  note = {Accessed: 21.04.2015}
}

@techreport{ref:eudetmemo_2010_12,
  author	= {I. Rubinskiy},
  title		= {{EUT}elescope. {O}ffline track reconstruction and {DUT} analysis software},
  number	= {EUDET-Memo-2010-12},
  year		= {2010},
  Howpublished={\url{https://www.eudet.org/e26/e28/e86887/e107460/EUDET-Memo-2010-12.pdf}},
  note = {Accessed: 21.04.2015}
}

@article{ROOT,
title = "ROOT ‚Äî An object oriented data analysis framework",
journal = "Nucl. Instrum. Methods Phys. Rev. A",
volume = "389",
number = "1‚Äì2",
pages = "81 - 86",
year = "1997",
issn = "0168-9002",
doi = "10.1016/S0168-9002(97)00048-X",
author = "Rene Brun and Fons Rademakers"
}

@article{1748-0221-9-12-C12001,
  author={Spannagel, S. and the CMS collaboration},
  title={{Test beam campaigns for the CMS Phase I Upgrade pixel readout chip}},
  journal={J. Inst.},
  volume={9},
  number={12},
  pages={C12001},
  howpublished	= {\url{http://stacks.iop.org/1748-0221/9/i=12/a=C12001}},
  year={2014}
}

@article{1748-0221-9-12-C12029,
  author={S. Terzo and A. Macchiolo and R. Nisius and B. Paschen},
  title={{Thin n-in-p planar pixel sensors and active edge sensors for the ATLAS upgrade at HL-LHC}},
  journal={J. Inst.},
  volume={9},
  number={12},
  pages={C12029},
  howpublished	= {\url{http://stacks.iop.org/1748-0221/9/i=12/a=C12029}},
  year={2014}
}

@article{Blobel20111760,
title = "Fast alignment of a complex tracking detector using advanced track models ",
journal = "Computer Physics Communications ",
volume = "182",
number = "9",
pages = "1760 - 1763",
year = "2011",
note = "Computer Physics Communications Special Edition for Conference on Computational Physics Trondheim, Norway, June 23-26, 2010 ",
issn = "0010-4655",
doi = "http://dx.doi.org/10.1016/j.cpc.2011.03.017",
COMMENThowpublished	= {\url{http://www.sciencedirect.com/science/article/pii/S0010465511001093}},
url	= {10.1016/j.cpc.2011.03.017},
author = "V. Blobel and C. Kleinwort and F. Meier"
}

@article{1748-0221-10-03-C03044,
  author={H. Augustin and others},
  title={{The MuPix high voltage monolithic active pixel sensor for the Mu3e experiment}},
  journal={J. Inst.},
  volume={10},
  number={03},
  pages={C03044},
  howpublished	= {\url{http://stacks.iop.org/1748-0221/10/i=03/a=C03044}},
  year={2015},
  url = {10.1088/1748-0221/10/03/C03044}
}

@misc{Mimosa-twiki,
  title = {{Mimosa Telescopes}},
  author = {A. Kravchenko and I. Rubinskiy and H. Jansen and J. Dreyling-Eschweiler},
  Howpublished={\url{https://twiki.cern.ch/twiki/bin/view/MimosaTelescope/}},
  note = {Accessed: 21.04.2015}
}

@misc{ref:AllPix,
  title = {{AllPix Detector Simulation Framework}},
  author = {{M. Benoit, J. Idarraga, S. Arfaoui}},
  howpublished={\url{https://github.com/ALLPix/allpix}},
  note = {Accessed: 24.06.2017}
}

@misc{TLU,
  title = {{TLU user manual}},
  author = {D. Cussans},
  Howpublished={\url{https://twiki.cern.ch/twiki/pub/MimosaTelescope/TLU/tlu_v0_2c_manual_eudet_note_27aug09.pdf}},
  note = {Accessed: 21.04.2015}
}

@techreport{EUDET-2009-04,
 author = {D. Cussans},
 title = {{Description of the JRA1 Trigger Logic Unit (TLU), v0.2c}},
 journal = {EUDET-Memo-2009-04},
 year = {2009},
 Howpublished={\url{http://www.eudet.org/e26/e28/e42441/e57298/EUDET-MEMO-2009-04.pdf}},
 note = {Accessed: 21.04.2015}
}

@techreport{EUDET-2007-46 ,
 author = {D. Cussans},
 title = {{Progress on the JRA1 Trigger Logic Unit (TLU)}},
 journal = {EUDET-Memo-2007-46},
 year = {2007},
 Howpublished={\url{http://www.eudet.org/e26/e28/e182/e603/eudet-memo-2007-46.pdf}},
 note = {Accessed: 21.04.2015}
}

@inproceedings{ref:TLUproc,
  author	= {D. G. Cussans},
  title		= {{A Trigger/Timing Logic Unit for ILC Test-beams}},
  booktitle	= {1st topical workshop on electronics for particle physics (TWEPP), Prague},
  year		= {2007},
  Howpublished={\url{http://inspirehep.net/record/774558}}
}

@techreport{EUDET-2010-25,
  author = {Claus, G. and others},
  title = {{IPHC \& NI Flex RIO DAQ for EUDET Mimosa 26 Beam Telescope}},
  journal = {Eudet-Memo-2010-25},
  year = {2010},
  Howpublished={\url{http://www.eudet.org/e26/e28/e86887/e106215/EUDET-Memo-2010-25.pdf}},
  note = {Accessed: 21.04.2015}
}

@inproceedings{Claus,
  author = {Claus, G and Santos, C.},
  title = {{Data acquisition system based on NI COTS for pixels sensors characterization in beam test}},
  booktitle = {{National Instrument Big Physics Symposium, Austin ,Texas}},
  year = {2011}
}

@misc{desy-tscopes-main,
  title = {{Mimosa pixel telescopes}},
  author = {J. Dreyling-Eschweiler and H. Jansen},
  Howpublished={\url{https://telescopes.desy.de/Main_Page}},
  note = {Accessed: 17.06.2015}
}

@misc{spannagel_2016_48795,
  author       = {Spannagel, Simon and
                  Jansen, Hendrik},
  title        = {{GBL Track Resolution Calculator v2.0}},
  month        = apr,
  year         = 2016,
  doi          = {10.5281/zenodo.48795},
  url          = {http://dx.doi.org/10.5281/zenodo.48795}
}

@misc{jansen_2016_49065,
  author       = {Jansen, Hendrik and Spannagel, Simon},
  title        = {{Analysis Processors for Data taken with EUDET Telescopes}},
  month        = apr,
  year         = 2016,
  doi          = {10.5281/zenodo.49065},
  url          = {http://dx.doi.org/10.5281/zenodo.49065}
}

@misc{jansen_data,
  author       = {Jansen, Hendrik and Dreyling-Eschweiler, Jan and Spannagel, Simon},
  title        = {{Dataset for the 'Performance of the EUDET-type beam telescopes' publication (EPJ TI)}},
  month        = aug,
  year         = 2016,
  doi          = {10.5281/zenodo.59255},
  Howpublished ={\url{10.5281/zenodo.59255}}
}

@misc{ref:DESYtb,
  title = {{Test Beams at DESY}},
  author = {Diener, Ralf and Meyners, Norbert and Potylitsina-Kube, Natalia and Stanitzki, Marcel},
  Howpublished={\url{http://testbeam.desy.de}},
  note = {Accessed: 26.07.2016}
}

@misc{EUDETwp,
  title = {{EUDET}},
  COMMENTauthor = {Potylitsina-Kube, Natalia and de la Taille, Christophe  and Desch, Klaus and Diener, Ralf and Gregor, Ingrid Maria and Jonsson, Leif and Mnich, Joachim and Sefkow, Felix and Timmermans, Jan},
  author = {Potylitsina-Kube, Natalia and others},
  Howpublished={\url{http://www.eudet.org}},
  note = {Accessed: 26.07.2016}
}
@article{Spannagel201671,
title = "{Status of the CMS Phase I pixel detector upgrade}",
journal = "Nucl. Instr. Meth. Phys. Res. A",
volume = "831",
number = "",
pages = "71 - 75",
year = "2016",
note = "Proceedings of the 10th International ‚ÄúHiroshima‚Äù Symposium on the Development and Application of Semiconductor Tracking Detectors ",
issn = "0168-9002",
doi = "http://dx.doi.org/10.1016/j.nima.2016.03.028",
author = "S. Spannagel",
url={10.1016/j.nima.2016.03.028}
}
@article{AlipourTehrani:2133128,
      COMMENTauthor        = "Alipour Tehrani, Niloufar and Benoit, Mathieu and Dannheim, Dominik and Firu, Elena and Kulis, Szymon and Redford, Sophie and Sicking, Eva",
      author        = "Alipour Tehrani and others",
      title         = "{Test beam analysis of ultra-thin hybrid pixel detector
                       assemblies with Timepix readout ASICs}",
      month         = "Feb",
      year          = "2016",
      note  = {{CLICdp-Note-2016-001}},
      url           = "https://cds.cern.ch/record/2133128",
}

@article{Jansen:2016bkd,
      author         = "Jansen, H. and others",
      title          = "{Performance of the EUDET-type beam telescopes}",
      year           = "2016",
      eprint         = "1603.09669",
      journal        = "arXiv:1603.09669",
      primaryClass   = "physics.ins-det",
      reportNumber   = "DESY-16-055",
      SLACcitation   = "%%CITATION = ARXIV:1603.09669;%%"
}
@article{bib:IBLprototypes,
  title = "{Prototype ATLAS IBL Modules using the FE-I4A Front-End Readout Chip}",
  journal = "J. Inst.",
  volume = "7",
  pages = "P11010", 
  year = "2012",
  author = "{ATLAS IBL Collaboration}",
  url = "10.1088/1748-0221/7/11/P11010"
}

@article{bib:AFP3D2,
author = "Lange, J. and Cavallaro, E. and Grinstein, S.  and Lopez Paz, I.",
title = "{3D silicon pixel detectors for the ATLAS Forward Physics experiment}",
journal = "J. Inst.",
volume={10},
pages={C03031},
year={2015},
eprint  = "1501.02076",
archivePrefix  = "arXiv",
primaryClass   = "physics.ins-det" ,
url= {10.1088/1748-0221/10/03/C03031}
}
@article{JansenEPJ,
  author         = "Jansen, H. and others",
  DOI= "10.1140/epjti/s40485-016-0033-2",
  url= "10.1140/epjti/s40485-016-0033-2",
  journal = {EPJ Techn. Instrum.},
  year = 2016,
  volume = 3,
  number = 1,
  pages = "7",
  title = "{{Performance of the EUDET-type beam telescopes}}",
  note = "{{DESY-16-055, arXiv:1603.09669}}",
}
@misc{Spartan3,
  title = {{Spartan-3E Starter Kit}},
  author = {{XILINX INC.}},
  Howpublished={\url{https://www.xilinx.com/products/boards-and-kits/hw-spar3e-sk-us-g.html}},
  note = {Accessed: 04.11.2016}
}
@article{Jansen2016242,
title = "A Pascalian lateral drift sensor ", 
journal = "Nuclear Instruments and Methods in Physics Research Section A: Accelerators, Spectrometers, Detectors and Associated Equipment ",
volume = "831",
number = "",
pages = "242 - 245",
year = "2016",
note = "Proceedings of the 10th International ‚ÄúHiroshima‚Äù Symposium on the Development and Application of Semiconductor Tracking Detectors ",
issn = "0168-9002",
doi = "http://dx.doi.org/10.1016/j.nima.2016.01.092",
url = "http://www.sciencedirect.com/science/article/pii/S016890021600142X",
author = "H. Jansen",
keywords = "Semiconductor detector",
keywords = "Deep bulk engineering",
keywords = "Sensor concept",
keywords = "Precision particle tracking "
}
@article{ref:datura-inpixel,
  author={H. Jansen},
  title={{Resolution studies with the DATURA beam telescope}},
  journal={J. Inst.},
  volume={11},
  number={12},
  pages={C12031},
  url={http://stacks.iop.org/1748-0221/11/i=12/a=C12031},
  year={2016}
}
@article{Cormack,
  author={A M Cormack},
  title={Reconstruction of densities from their projections, with applications in radiological physics},
  journal={Physics in Medicine and Biology},
  volume={18},
  number={2},
  pages={195},
  url={http://stacks.iop.org/0031-9155/18/i=2/a=003},
  year={1973}
}
@article{Hounsfield,
author = {G. N. Hounsfield},
title = {Computerized transverse axial scanning (tomography): Part 1. Description of system},
journal = {The British Journal of Radiology},
volume = {46},
number = {552},
pages = {1016-1022},
year = {1973},
doi = {10.1259/0007-1285-46-552-1016},
note ={PMID: 4757352},
URL = {http://dx.doi.org/10.1259/0007-1285-46-552-1016},
eprint = {http://dx.doi.org/10.1259/0007-1285-46-552-1016}
}

@article{Ambrose,
author = {James Ambrose},
title = {Computerized transverse axial scanning (tomography): Part 2. Clinical application},
journal = {The British Journal of Radiology},
volume = {46},
number = {552},
pages = {1023-1047},
year = {1973},
doi = {10.1259/0007-1285-46-552-1023},
note ={PMID: 4757353},
URL = {http://dx.doi.org/10.1259/0007-1285-46-552-1023},
eprint = {http://dx.doi.org/10.1259/0007-1285-46-552-1023}
}
@article{Agostinelli2003250,
title = {{GEANT4 - a simulation toolkit}},
journal = "Nuclear Instruments and Methods in Physics Research Section A: Accelerators, Spectrometers, Detectors and Associated Equipment ",
volume = "506",
number = "3",
pages = "250 - 303",
year = "2003",
note = "",
issn = "0168-9002",
doi = "http://doi.org/10.1016/S0168-9002(03)01368-8",
url = "http://www.sciencedirect.com/science/article/pii/S0168900203013688",
authors = "S. Agostinelli and J. Allison and K. Amako and J. Apostolakis and H. Araujo and P. Arce and M. Asai and D. Axen and S. Banerjee and G. Barrand and F. Behner and L. Bellagamba and J. Boudreau and L. Broglia and A. Brunengo and H. Burkhardt and S. Chauvie and J. Chuma and R. Chytracek and G. Cooperman and G. Cosmo and P. Degtyarenko and A. Dell'Acqua and G. Depaola and D. Dietrich and R. Enami and A. Feliciello and C. Ferguson and H. Fesefeldt and G. Folger and F. Foppiano and A. Forti and S. Garelli and S. Giani and R. Giannitrapani and D. Gibin and J.J. G√≥mez Cadenas and I. Gonz√°lez and G. Gracia Abril and G. Greeniaus and W. Greiner and V. Grichine and A. Grossheim and S. Guatelli and P. Gumplinger and R. Hamatsu and K. Hashimoto and H. Hasui and A. Heikkinen and A. Howard and V. Ivanchenko and A. Johnson and F.W. Jones and J. Kallenbach and N. Kanaya and M. Kawabata and Y. Kawabata and M. Kawaguti and S. Kelner and P. Kent and A. Kimura and T. Kodama and R. Kokoulin and M. Kossov and H. Kurashige and E. Lamanna and T. Lamp√©n and V. Lara and V. Lefebure and F. Lei and M. Liendl and W. Lockman and F. Longo and S. Magni and M. Maire and E. Medernach and K. Minamimoto and P. Mora de Freitas and Y. Morita and K. Murakami and M. Nagamatu and R. Nartallo and P. Nieminen and T. Nishimura and K. Ohtsubo and M. Okamura and S. O'Neale and Y. Oohata and K. Paech and J. Perl and A. Pfeiffer and M.G. Pia and F. Ranjard and A. Rybin and S. Sadilov and E. Di Salvo and G. Santin and T. Sasaki and N. Savvas and Y. Sawada and S. Scherer and S. Sei and V. Sirotenko and D. Smith and N. Starkov and H. Stoecker and J. Sulkimo and M. Takahata and S. Tanaka and E. Tcherniaev and E. Safai Tehrani and M. Tropeano and P. Truscott and H. Uno and L. Urban and P. Urban and M. Verderi and A. Walkden and W. Wander and H. Weber and J.P. Wellisch and T. Wenaus and D.C. Williams and D. Wright and T. Yamada and H. Yoshida and D. Zschiesche",
author = "S. Agostinelli and others"
}
@ARTICLE{1610988,
authors={J. Allison and K. Amako and J. Apostolakis and H. Araujo and P. Arce Dubois and M. Asai and G. Barrand and R. Capra and S. Chauvie and R. Chytracek and G. A. P. Cirrone and G. Cooperman and G. Cosmo and G. Cuttone and G. G. Daquino and M. Donszelmann and M. Dressel and G. Folger and F. Foppiano and J. Generowicz and V. Grichine and S. Guatelli and P. Gumplinger and A. Heikkinen and I. Hrivnacova and A. Howard and S. Incerti and V. Ivanchenko and T. Johnson and F. Jones and T. Koi and R. Kokoulin and M. Kossov and H. Kurashige and V. Lara and S. Larsson and F. Lei and O. Link and F. Longo and M. Maire and A. Mantero and B. Mascialino and I. McLaren and P. Mendez Lorenzo and K. Minamimoto and K. Murakami and P. Nieminen and L. Pandola and S. Parlati and L. Peralta and J. Perl and A. Pfeiffer and M. G. Pia and A. Ribon and P. Rodrigues and G. Russo and S. Sadilov and G. Santin and T. Sasaki and D. Smith and N. Starkov and S. Tanaka and E. Tcherniaev and B. Tome and A. Trindade and P. Truscott and L. Urban and M. Verderi and A. Walkden and J. P. Wellisch and D. C. Williams and D. Wright and H. Yoshida},
author={J. Allison and others},
journal={IEEE Transactions on Nuclear Science},
title={{GEANT4 developments and applications}},
year={2006},
volume={53},
number={1},
pages={270-278},
doi={10.1109/TNS.2006.869826},
ISSN={0018-9499},
month={Feb}
}

@article{berger,
  author={N Berger and A Buniatyan and P Eckert and F F√∂rster and R Gredig and O Kovalenko and M Kiehn and R Philipp and A Sch√∂ning and D Wiedner},
  title={Multiple Coulomb scattering in thin silicon},
  journal={Journal of Instrumentation},
  volume={9},
  number={07},
  pages={P07007},
  url={http://stacks.iop.org/1748-0221/9/i=07/a=P07007},
  year={2014}
}

@article{STOLZENBERG2017173,
title = "Radiation length imaging with high-resolution telescopes",
journal = {Nucl. Instr. Meth. Phys. Res. A},
volume = "845",
number = "",
pages = "173 - 176",
year = "2017",
note = "Proceedings of the Vienna Conference on Instrumentation 2016",
issn = "0168-9002",
doi = "http://dx.doi.org/10.1016/j.nima.2016.06.086",
url = "http://www.sciencedirect.com/science/article/pii/S0168900216306519",
author = "U. Stolzenberg and A. Frey and B. Schwenker and P. Wieduwilt and C. Marinas and F. L√ºtticke"
}

@misc{ref:scikitWebpage,
  title = {{scikit-image}},
  author = {{scikit-image development team}},
  Howpublished={\url{http://scikit-image.org/}},
  note = {Accessed: 24.06.2017}
}

@article{ref:scikitArticle,
 title = {{scikit-image: image processing in Python}},
 author = {van der Walt, {S}t\'efan and {S}ch\"onberger, {J}ohannes {L}. and
           {Nunez-Iglesias}, {J}uan and {B}oulogne, {F}ran\c{c}ois and {W}arner,
           {J}oshua {D}. and {Y}ager, {N}eil and {G}ouillart, {E}mmanuelle and
           {Y}u, {T}ony and the scikit-image contributors},
 year = {2014},
 month = {6},
 keywords = {Image processing, Reproducible research, Education,
             Visualization, Open source, Python, Scientific programming},
 volume = {2},
 pages = {e453},
 journal = {PeerJ},
 issn = {2167-8359},
 url = {http://dx.doi.org/10.7717/peerj.453},
 doi = {10.7717/peerj.453}
}

@book{ref:deans2007radon,
title={The Radon Transform and Some of Its Applications},
author={Deans, S.R.},
isbn={9780486462417},
lccn={2007016162},
series={Dover Books on Mathematics Series},
url={https://books.google.de/books?id=xSCc0KGi0u0C},
year={2007},
publisher={Dover Publications}
}

@article{ref:RadonOrig,
added-at = {2010-08-20T12:09:24.000+0200},
author = {Radon, J.},
biburl = {https://www.bibsonomy.org/bibtex/2b0128caaef39bf1265503f99b560dbfb/haggis79},
interhash = {fdcf4d741dfedba3c56a3a942ecc463b},
intrahash = {b0128caaef39bf1265503f99b560dbfb},
journal = {Akad. Wiss.},
keywords = {imported},
owner = {schohaad},
pages = {262-277},
timestamp = {2010-08-20T12:09:25.000+0200},
title = {{\"U}ber die {B}estimmung von {F}unktionen durch ihre {I}ntegralwerte l\"angs gewisser {M}annigfaltigkeiten},
volume = 69,
year = 1917
}

@misc{schuetze_data_TBMST,
  author       = {Sch\"utze, Paul and Jansen, Hendrik},
  title        = {{Dataset for the `Feasibility of track-based multiple scattering tomography'}},
  month        = aug,
  year         = 2017,
  doi          = {10.5281/zenodo.852408},
  Howpublished ={\url{10.5281/zenodo.852408}}
}

@article{HENKE1993181,
title = "X-Ray Interactions: Photoabsorption, Scattering, Transmission, and Reflection at E = 50-30,000 eV, Z = 1-92",
journal = "Atomic Data and Nuclear Data Tables",
volume = "54",
number = "2",
pages = "181 - 342",
year = "1993",
note = "",
issn = "0092-640X",
doi = "http://dx.doi.org/10.1006/adnd.1993.1013",
url = "http://www.sciencedirect.com/science/article/pii/S0092640X83710132",
author = "B.L. Henke and E.M. Gullikson and J.C. Davis"
}

@article{nanoCT,
author = {Tkachuk, Andrei and Duewer, Fred and Cui, Hongtao and others},
title = {{X-ray computed tomography in Zernike phase contrast mode at 8 keV with 50-nm resolution using Cu rotating anode X-ray source}},
journal =  {{Zeitschrift f√ºr Kristallographie - Crystalline Materials}}, 
volume = "222",
month = nov,
year = 2007,
pages = {650-655},
doi = "https://doi.org/10.1524/zkri.2007.222.11.650"
}

@article{CTcontrastsoft,
author = {Faraj, Kaeuis A and others},
title = {{Micro-computed tomographical imaging of soft biological materials using contrast techniques}},
journal = {Tissue Eng Part C Methods},
doi = "https://doi.org/10.1089/ten.tec.2008.0436",
volume = "15",
issue = "3",
pages = {493-499}
}

@article{Cullen:1989wd,
      author         = "Cullen, D. E. and Chen, M. H. and Hubbell, J. H. and Perkins, S. T. and Plechaty, E. F. and Rathkopf, J. A. and Scofield, J. H.",
      title          = "{Tables and graphs of photon interaction cross-sections from 10-eV to 100-GeV derived from the LLNL evaluated photon data library (EPDL). Part A: Z = 1 to 50}",
      year           = "1981",
      reportNumber   = "UCRL-50400,V.6,REV.3, UCRL-50400",
      SLACcitation   = "%%CITATION = UCRL-50400,V.6,REV.3;%%"
}

@article{PET,
author = {Michel M. Ter-Pogossian and Michael E. Phelps and Edward J. Hoffman and Nizar A. Mullani},
title = {A Positron-Emission Transaxial Tomograph for Nuclear Imaging (PETT)},
journal = {Radiology},
volume = {114},
number = {1},
pages = {89-98},
year = {1975},
doi = {10.1148/114.1.89},
note ={PMID: 1208874},
URL = {https://doi.org/10.1148/114.1.89},
eprint = {https://doi.org/10.1148/114.1.89}
}

@article{MRI,
author = "Lauterbur, P. C.",
title = {{Image Formation by Induced Local Interactions: Examples Employing Nuclear Magnetic Resonance}},
journal = {Nature},
volume = "242",
issue = "5394",
pages = {190-191},
doi = {http://dx.doi.org/10.1038/242190a0}
}

@article{PhysRev.89.1256,
  title = {Moli\`ere's Theory of Multiple Scattering},
  author = {Bethe, H. A.},
  journal = {Phys. Rev.},
  volume = {89},
  issue = {6},
  pages = {1256--1266},
  numpages = {0},
  year = {1953},
  month = {Mar},
  publisher = {American Physical Society},
  doi = {10.1103/PhysRev.89.1256},
  url = {https://link.aps.org/doi/10.1103/PhysRev.89.1256}
}

@article{moliere,
      author         = "Moliere, G.",
      title          = "{Theorie der Streuung schneller geladener Teilchen II, Mehrfach- und Vielfachstreuung}",
      journal        = "Z. Naturforsch.",
      volume         = "3a",
      year           = "1948",
      pages          = "78-97"
}

@article{OATLEY1966181,
title = "Scanning Electron Microscopy",
journal = "Advances in Electronics and Electron Physics",
volume = "21",
number = "",
pages = "181 - 247",
year = "1966",
note = "",
issn = "0065-2539",
doi = "http://dx.doi.org/10.1016/S0065-2539(08)61010-0",
url = "http://www.sciencedirect.com/science/article/pii/S0065253908610100",
author = "C.W. Oatley and W.C. Nixon and R.F.W. Pease"
}

@article{TEMsimple,
author = {A. V. Crewe and M. Isaacson and D. Johnson},
title = {A Simple Scanning Electron Microscope},
journal = {Review of Scientific Instruments},
volume = {40},
number = {2},
pages = {241-246},
year = {1969},
doi = {10.1063/1.1683910},
URL = {http://dx.doi.org/10.1063/1.1683910},
eprint = {http://dx.doi.org/10.1063/1.1683910}
}
@article{JansenAPL,
  author= {Jansen, H. and Sch\"utze, P.},
  _DOI= "",
  _url= "",
  journal = {Applied Physics Letters},
  year = 2017,
  _volume = 3,
  _number = 1,
  _pages = "7",
  title = "{{Feasibility of track-based multiple scattering tomography}}",
  _note = "{{DESY-16-055, arXiv:1603.09669}}",
}
@INPROCEEDINGS{JansenTIPP,
  author = {Jansen, Hendrik and Sch\"utze, Paul},
  title = {{Feasibility Study of a Track-based Multiple Scattering Tomography}},
  _year = {2018},
  booktitle={International Conference on Technology and Instrumentation in Particle Physics 2017, Beijing, under review},
  _pages = {816--819},
  _month = oct,
  _publisher = {under review},
  _doi = {10.1109/NSSMIC.2009.5402354},
  _howpublished	= {\url{http://ieeexplore.ieee.org/lpdocs/epic03/wrapper.htm?arnumber=5402354}}
}
@article{JansenAPLarxiv,
      author         = {Jansen, Hendrik and Sch\"utze, Paul},
      title          = "{Feasibility of track-based multiple scattering
                        tomography}",
      year           = "2017",
      eprint         = "1709.01009",
      archivePrefix  = "arXiv",
      journal="arXiv:1709.01009",
      primaryClass   = "physics.ins-det",
      SLACcitation   = "%%CITATION = ARXIV:1709.01009;%%"
}